@book{bringhurst2004elements,
  title={The elements of typographic style},
  author={Robert Bringhurst},
  isbn={9780881792065},
  lccn={2004053913},
  url={http://books.google.fr/books?id=940sAAAAYAAJ},
  year={2004},
  publisher={Hartley \& Marks, Publishers}
}

@article{DBLP:journals/spe/KnuthP81,
  author    = {Donald E. Knuth and
               Michael F. Plass},
  title     = {Breaking Paragraphs into Lines},
  journal   = {Softw., Pract. Exper.},
  volume    = {11},
  number    = {11},
  year      = {1981},
  pages     = {1119-1184},
  ee        = {http://dx.doi.org/10.1002/spe.4380111102},
  bibsource = {DBLP, http://dblp.uni-trier.de}
}
